<?xml version="1.0" encoding="UTF-8"?><collection xmlns="http://www.loc.gov/MARC21/slim"><record><leader>00412nam--2200157-i-4500</leader><controlfield tag="001">000004991</controlfield><controlfield tag="002">20161230</controlfield><controlfield tag="005">20170302001354</controlfield><controlfield tag="008">060222s1000------------r-----000-0-eng-d</controlfield><datafield ind1=" " ind2=" " tag="100"><subfield code="a">Lange, P. W. De</subfield></datafield><datafield ind1=" " ind2=" " tag="245"><subfield code="a">The beta-decay 234 pa(uz)</subfield></datafield><datafield ind1=" " ind2=" " tag="260"><subfield code="a">Pretoria</subfield><subfield code="b">South African Atomic Energy Board</subfield><subfield code="c">1959</subfield></datafield><datafield ind1=" " ind2=" " tag="300"><subfield code="a">23 p</subfield></datafield><datafield ind1=" " ind2=" " tag="490"><subfield code="a">Nuovo Cimento</subfield></datafield><datafield ind1=" " ind2=" " tag="700"><subfield code="a">Villiers, J. W. L</subfield></datafield><datafield ind1=" " ind2=" " tag="CAT"><subfield code="a">SYS</subfield><subfield code="c">20170302</subfield><subfield code="h">001354</subfield></datafield></record></collection>